% This file was created with JabRef 2.3.1.
% Encoding: Cp1252
% Datas de acesso e de publicação de artivo devem ser abreviadas
% Exemplo: 18 fev. 2011, com excessão de maio
% Meses que aparecem em publicações, como periódicos, também devem ser abrevidados.




@BOOK{Cormen09a,
	title = {Introduction to Algorithms},
	publisher = {The MIT Press},
	year = {2009},
	author = {Thomas H. Cormen and Charles E. Leiserson and Ronald L. Rivest and Clifford Stein},
	address = {Favoritenstrasse 9/4th Floor/1863},
	owner = {Cormem},
	timestamp = {2009}
}


@MISC{LiveScience2013,
	author = {Elaine J. Hom},
	title = {What is the Fibonacci Sequence?},
	year = {2013},
	owner = {Live Scienc},
	timestamp = {2013.06.14},
	url = {http://www.livescience.com/37470-fibonacci-sequence.html},
	urlaccessdate = {02 abr. 2017}
}

@MISC{Schwartz2011,
	author = {Harry R. Schwartz},
	title = {Memoization using Closures},
	year = {2011},
	owner = {Harry R. Schwartz},
	timestamp = {2011.01.06},
	url = {https://harryrschwartz.com/2011/01/06/memoization-using-closures.html},
	urlaccessdate = {02 abr. 2017}
}


@MISC{Perrett2010,
	author = {Dave Perrett},
	title = {CompSci 101 - Big-O Notation},
	year = {2010},
	owner = {Dave Perrett},
	timestamp = {2010.12.07},
	url = {http://www.daveperrett.com/articles/2010/12/07/comp-sci-101-big-o-notation/},
	urlaccessdate = {23 abr. 2017}
}

@inproceedings{Vihavainen:2011:EAM:1953163.1953196,
	author = {Vihavainen, Arto and Paksula, Matti and Luukkainen, Matti},
	title = {Extreme Apprenticeship Method in Teaching Programming for Beginners},
	booktitle = {Proceedings of the 42Nd ACM Technical Symposium on Computer Science Education},
	series = {SIGCSE '11},
	year = {2011},
	isbn = {978-1-4503-0500-6},
	location = {Dallas, TX, USA},
	pages = {93--98},
	numpages = {6},
	url = {http://doi.acm.org/10.1145/1953163.1953196},
	doi = {10.1145/1953163.1953196},
	acmid = {1953196},
	publisher = {ACM},
	address = {New York, NY, USA},
	keywords = {best practices, cognitive apprenticeship, continuous feedback, course material, instructional design, learning by doing, motivation, programming education},
} 

@inproceedings{teachingapplications,
	author = {László Zsakó and Csiki Nóra},
	title = {ICT Teaching Methods Applications},
	booktitle = {Mittermeir R., Syslo M. (eds.) Informatics Education contributing across the curriculum, proc. of selected papers - 3rd ISSEP conference},
	year = {2008},
	pages = {47--53},
	doi = {10.13140/RG.2.2.20272.76802},
	url = {https://www.researchgate.net/publication/235925718},
} 

@inproceedings{teachingapplicationslanguages,
	author = {Zsuzsanna Papp-Varga and Péter Szlávi and László Zsakó},
	title = {ICT teaching methods – Programming
	languages},
	booktitle = {Annales Mathematicae et Informaticae 35},
	year = {2008},
	pages = {163--172},
	url = {https://www.researchgate.net/publication/228955901},
} 

@inproceedings{Pears:2007:SLT:1345443.1345441,
	author = {Pears, Arnold and Seidman, Stephen and Malmi, Lauri and Mannila, Linda and Adams, Elizabeth and Bennedsen, Jens and Devlin, Marie and Paterson, James},
	title = {A Survey of Literature on the Teaching of Introductory Programming},
	booktitle = {Working Group Reports on ITiCSE on Innovation and Technology in Computer Science Education},
	series = {ITiCSE-WGR '07},
	year = {2007},
	location = {Dundee, Scotland},
	pages = {204--223},
	numpages = {20},
	url = {http://doi.acm.org/10.1145/1345443.1345441},
	doi = {10.1145/1345443.1345441},
	acmid = {1345441},
	publisher = {ACM},
	address = {New York, NY, USA},
	keywords = {bibliography, computing education research, introductory programming, literature survey, teaching},
} 


@article{methods,
	author = {Péter Szlávi and László Zsakó},
	title = {Methods of teaching programming},
	year = {2003},
	doi = {10.5485/TMCS.2003.0023},
	url = {https://www.researchgate.net/publication/235925815},
} 

@article{newapproach,
	author = {Danijel Radošević and Tihomir Orehovački and Alen Lovrenčić},
	title = {New Approaches and Tools in Teaching Programming},
	year = {2009},
	url = {https://www.researchgate.net/publication/224930648},
} 

@article{doi:10.1076/csed.13.2.137.14200,
	author = { Anthony   Robins  and  Janet   Rountree  and  Nathan   Rountree },
	title = {Learning and Teaching Programming: A Review and Discussion},
	journal = {Computer Science Education},
	volume = {13},
	number = {2},
	pages = {137-172},
	year = {2003},
	doi = {10.1076/csed.13.2.137.14200},
	
	URL = { 
	http://www.tandfonline.com/doi/abs/10.1076/csed.13.2.137.14200
	},
	eprint = { 
	http://www.tandfonline.com/doi/pdf/10.1076/csed.13.2.137.14200
	}	
}

@ARTICLE{1104824, 
	author={R. Bellman and E. Lee}, 
	journal={IEEE Control Systems Magazine}, 
	title={History and development of dynamic programming}, 
	year={1984}, 
	volume={4}, 
	number={4}, 
	pages={24-28}, 
	keywords={Dynamic programming;History;Control theory;Dynamic programming;History;Mathematics;Operations research;Power engineering and energy;Stability analysis}, 
	doi={10.1109/MCS.1984.1104824}, 
	ISSN={0272-1708}, 
	month={November},}




